<record xmlns="http://www.loc.gov/MARC21/slim" xmlns:xsi="http://www.w3.org/2001/XMLSchema-instance" xsi:schemaLocation="http://www.loc.gov/MARC21/slim http://www.loc.gov/standards/marcxml/schema/MARC21slim.xsd">

  <leader>00712nam a2200205   4500</leader>
  <controlfield tag="008">160512b2014    M  ||||| |||| 00| | spa d</controlfield>
  <datafield tag="020" ind2=" " ind1=" ">
    <subfield code="a">9786074510959</subfield>
  </datafield>
  <datafield ind2=" " ind1=" " tag="090">
    <subfield code="a">06.06.01  </subfield>
    <subfield code="b">2205</subfield>
  </datafield>
  <datafield ind1="2" ind2=" " tag="110">
    <subfield code="9">1754</subfield>
    <subfield code="a">Asociación Nacional de Universidades e Instituciones de Educación Superior (ANUIES)</subfield>
  </datafield>
  <datafield ind2="0" ind1="1" tag="245">
    <subfield code="a">PATLANI: encuesta nacional de movilidad estudiantil internacional de México 2011-2012 /</subfield>
    <subfield code="c">ANUIES</subfield>
  </datafield>
  <datafield tag="260" ind2=" " ind1=" ">
    <subfield code="a">México :</subfield>
    <subfield code="b">ANUIES,</subfield>
    <subfield code="c">2014</subfield>
  </datafield>
  <datafield tag="300" ind2=" " ind1=" ">
    <subfield code="a">114 páginas ; </subfield>
    <subfield code="b">ilustraciones</subfield>
  </datafield>
  <datafield tag="490" ind2=" " ind1=" ">
    <subfield code="a">Documentos ANUIES</subfield>
  </datafield>
  <datafield ind1="1" ind2="4" tag="650">
    <subfield code="9">332</subfield>
    <subfield code="a">ESTUDIANTES </subfield>
  </datafield>
  <datafield tag="650" ind2="4" ind1="1">
    <subfield code="9">1663</subfield>
    <subfield code="a">MOVILIDAD ESTUDIANTIL</subfield>
  </datafield>
  <datafield ind1="1" ind2="4" tag="650">
    <subfield code="9">586</subfield>
    <subfield code="a">ESTADISTICAS DE LA EDUCACION </subfield>
  </datafield>
  <datafield ind2="4" ind1="1" tag="650">
    <subfield code="9">1755</subfield>
    <subfield code="a">PATLANI</subfield>
  </datafield>
  <datafield tag="651" ind2="4" ind1=" ">
    <subfield code="9">19</subfield>
    <subfield code="a">MÉXICO</subfield>
  </datafield>
  <datafield tag="942" ind1=" " ind2=" ">
    <subfield code="2">z</subfield>
    <subfield code="c">01</subfield>
  </datafield>
  <datafield ind2=" " ind1=" " tag="999">
    <subfield code="c">3225</subfield>
    <subfield code="d">3225</subfield>
  </datafield>
</record>